<record><leader>00000cas a22000007a 4500</leader><controlfield tag="001">17735156</controlfield><controlfield tag="008">880405d18801uuumeuwr ne      0    0eng d</controlfield><datafield ind1=" " ind2=" " tag="010"><subfield code="a">sn 88086119 </subfield></datafield><datafield ind1=" " ind2=" " tag="040"><subfield code="a">NPV</subfield><subfield code="b">eng</subfield><subfield code="c">NPV</subfield><subfield code="d">OCLCQ</subfield></datafield><datafield ind1=" " ind2=" " tag="042"><subfield code="a">msc</subfield></datafield><datafield ind1="0" ind2=" " tag="130"><subfield code="a">National enquirer (Lewiston, Me.)</subfield></datafield><datafield ind1="1" ind2="0" tag="245"><subfield code="a">National enquirer.</subfield></datafield><datafield ind1=" " ind2=" " tag="260"><subfield code="a">Lewiston, Me. :</subfield><subfield code="b">Androscoggin Greenback Pub. Co.</subfield></datafield><datafield ind1=" " ind2=" " tag="300"><subfield code="a">v.</subfield></datafield><datafield ind1=" " ind2=" " tag="310"><subfield code="a">Weekly</subfield></datafield><datafield ind1=" " ind2=" " tag="588"><subfield code="a">Description based on: Vol. 2, no. 32 (Oct. 27, 1881).</subfield></datafield><datafield ind1=" " ind2=" " tag="752"><subfield code="a">United States</subfield><subfield code="b">Maine</subfield><subfield code="c">Androscoggin</subfield><subfield code="d">Lewiston.</subfield></datafield></record>